@inproceedings{weakdh15,
  title = {Imperfect Forward Secrecy: {H}ow {D}iffie-{H}ellman Fails
                  in Practice},
  author = {David Adrian and Karthikeyan Bhargavan and Zakir Durumeric
                  and Pierrick Gaudry and Matthew Green and J. Alex
                  Halderman and Nadia Heninger and Drew Springall and
                  Emmanuel Thom\'e and Luke Valenta and Benjamin
                  VanderSloot and Eric Wustrow and Santiago
                  Zanella-B\'eguelin and Paul Zimmermann},
  booktitle = {22nd ACM Conference on Computer and Communications
                  Security},
  month = oct,
  year = 2015
}

@misc{cryptoeprint:2015/605,
      author = {Steven D.  Galbraith and Ping Wang and Fangguo Zhang},
      title = {Computing Elliptic Curve Discrete Logarithms with Improved Baby-step Giant-step Algorithm},
      howpublished = {Cryptology ePrint Archive, Paper 2015/605},
      year = {2015},
      note = {\url{https://eprint.iacr.org/2015/605}},
      url = {https://eprint.iacr.org/2015/605}
}

@ARTICLE{1055817,  
        author={Pohlig, S. and Hellman, M.},  
        journal={IEEE Transactions on Information Theory},   
        title={An improved algorithm for computing logarithms overGF(p)and its cryptographic significance (Corresp.)},   
        year={1978},  
        volume={24},  
        number={1},  
        pages={106-110},  
        doi={10.1109/TIT.1978.1055817}
}

@article{defeojaoplut,
        url = {https://doi.org/10.1515/jmc-2012-0015},
        title = {Towards quantum-resistant cryptosystems from supersingular elliptic curve isogenies},
        author = {Luca De Feo and David Jao and Jérôme Plût},
        pages = {209--247},
        volume = {8},
        number = {3},
        journal = {Journal of Mathematical Cryptology},
        doi = {doi:10.1515/jmc-2012-0015},
        year = {2014},
}

@misc{cryptoeprint:2022/975,
      author = {Wouter Castryck and Thomas Decru},
      title = {An efficient key recovery attack on SIDH (preliminary version)},
      howpublished = {Cryptology ePrint Archive, Paper 2022/975},
      year = {2022},
      note = {\url{https://eprint.iacr.org/2022/975}},
      url = {https://eprint.iacr.org/2022/975}
}

@misc{nsa,
        author = {National Security Agency},
        title = {The Case for Elliptic Curve Cryptography},
        year = {2009},
        note = {\url{http://www.nsa.gov/business/programs/elliptic_curve.shtml}},
        url = {http://www.nsa.gov/business/programs/elliptic_curve.shtml}
}

@ARTICLE{DHKE,  
        author={Diffie, W. and Hellman, M.},  
        journal={IEEE Transactions on Information Theory},   
        title={New directions in cryptography},   
        year={1976},  
        volume={22},  
        number={6},  
        pages={644-654},  
        doi={10.1109/TIT.1976.1055638}
}

@book{mollin,
        author = {Richard A. Mollin},
        title = {An Introduction to Cryptography},
        year = {2007},
        publisher = {Chapman and Hall}
}
